@inproceedings{wilson2015kernel,
  title={Kernel interpolation for scalable structured Gaussian processes (KISS-GP)},
  author={Wilson, Andrew and Nickisch, Hannes},
  booktitle={International Conference on Machine Learning},
  pages={1775--1784},
  year={2015}
}

@article{hensman2015scalable,
  title={Scalable variational Gaussian process classification},
  author={Hensman, James and Matthews, Alex and Ghahramani, Zoubin},
  journal={arXiv preprint arXiv:1411.2005},
  year={2014}
}

@inproceedings{47409,
title	= {On the convergence of Adam and Beyond},
author	= {Sashank Reddi and Satyen Kale and Sanjiv Kumar},
year	= {2018},
booktitle	= {International Conference on Learning Representations}
}


@inproceedings{sutskever2013importance,
  title={On the importance of initialization and momentum in deep learning},
  author={Sutskever, Ilya and Martens, James and Dahl, George and Hinton, Geoffrey},
  booktitle={International conference on machine learning},
  pages={1139--1147},
  year={2013}
}

@inproceedings{gardner2018gpytorch,
  title={GPyTorch: Blackbox Matrix-Matrix Gaussian Process Inference with GPU Acceleration},
  author={Gardner, Jacob R and Pleiss, Geoff and Bindel, David and Weinberger, Kilian Q and Wilson, Andrew Gordon},
  booktitle={Advances in Neural Information Processing Systems},
  year={2018}
}

@ARTICLE{Thoul94,
       author = {{Thoul}, Anne A. and {Bahcall}, John N. and {Loeb}, Abraham},
        title = "{Element Diffusion in the Solar Interior}",
      journal = {\apj},
     keywords = {Abundance, Diffusion, Flow Equations, Heavy Elements, Helium, Solar Interior, Stellar Composition, Stellar Models, Computerized Simulation, Stellar Evolution, Subroutines, Solar Physics, DIFFUSION, STARS: ABUNDANCES, STARS: INTERIORS, SUN: INTERIOR, Astrophysics},
         year = 1994,
        month = feb,
       volume = {421},
        pages = {828},
          doi = {10.1086/173695},
archivePrefix = {arXiv},
       eprint = {astro-ph/9304005},
 primaryClass = {astro-ph},
       adsurl = {https://ui.adsabs.harvard.edu/abs/1994ApJ...421..828T},
      adsnote = {Provided by the SAO/NASA Astrophysics Data System}
}

@ARTICLE{Paquette1986,
       author = {{Paquette}, C. and {Pelletier}, C. and {Fontaine}, G. and {Michaud}, G.},
        title = "{Diffusion Coefficients for Stellar Plasmas}",
      journal = {\apjs},
     keywords = {Diffusion Coefficient, Plasma Diffusion, Space Plasmas, Stellar Envelopes, White Dwarf Stars, Boltzmann Transport Equation, Chapman-Enskog Theory, Collision Parameters, Coulomb Potential, Dense Plasmas, Thermal Diffusion, Astrophysics, DIFFUSION, PLASMAS, STARS: WHITE DWARFS},
         year = 1986,
        month = may,
       volume = {61},
        pages = {177},
          doi = {10.1086/191111},
       adsurl = {https://ui.adsabs.harvard.edu/abs/1986ApJS...61..177P},
      adsnote = {Provided by the SAO/NASA Astrophysics Data System}
}



@Misc{gpy2014,
  author =   {{GPy}},
  title =    {{GPy}: A Gaussian process framework in python},
  howpublished = {\url{http://github.com/SheffieldML/GPy}},
  year = {since 2012}
}

@ARTICLE{2018ApJS..234...34P,
       author = {{Paxton}, Bill and {Schwab}, Josiah and {Bauer}, Evan B. and
         {Bildsten}, Lars and {Blinnikov}, Sergei and {Duffell}, Paul and
         {Farmer}, R. and {Goldberg}, Jared A. and {Marchant}, Pablo and
         {Sorokina}, Elena and {Thoul}, Anne and {Townsend}, Richard H.~D. and
         {Timmes}, F.~X.},
        title = "{Modules for Experiments in Stellar Astrophysics (MESA): Convective Boundaries, Element Diffusion, and Massive Star Explosions}",
      journal = {\apjs},
     keywords = {convection, diffusion, hydrodynamics, methods: numerical, stars: evolution, supernovae: general, Astrophysics - Solar and Stellar Astrophysics, Astrophysics - High Energy Astrophysical Phenomena},
         year = 2018,
        month = feb,
       volume = {234},
       number = {2},
          eid = {34},
        pages = {34},
          doi = {10.3847/1538-4365/aaa5a8},
archivePrefix = {arXiv},
       eprint = {1710.08424},
 primaryClass = {astro-ph.SR},
       adsurl = {https://ui.adsabs.harvard.edu/abs/2018ApJS..234...34P},
      adsnote = {Provided by the SAO/NASA Astrophysics Data System}
}

@ARTICLE{2019ApJS..243...10P,
       author = {{Paxton}, Bill and {Smolec}, R. and {Schwab}, Josiah and {Gautschy}, A. and
         {Bildsten}, Lars and {Cantiello}, Matteo and {Dotter}, Aaron and
         {Farmer}, R. and {Goldberg}, Jared A. and {Jermyn}, Adam S. and
         {Kanbur}, S.~M. and {Marchant}, Pablo and {Thoul}, Anne and
         {Townsend}, Richard H.~D. and {Wolf}, William M. and {Zhang}, Michael and
         {Timmes}, F.~X.},
        title = "{Modules for Experiments in Stellar Astrophysics (MESA): Pulsating Variable Stars, Rotation, Convective Boundaries, and Energy Conservation}",
      journal = {\apjs},
     keywords = {stars: evolution, stars: general, stars: interiors, stars: oscillations:  including pulsations, stars: rotation, stars: variables: general, Astrophysics - Solar and Stellar Astrophysics},
         year = 2019,
        month = jul,
       volume = {243},
       number = {1},
          eid = {10},
        pages = {10},
          doi = {10.3847/1538-4365/ab2241},
archivePrefix = {arXiv},
       eprint = {1903.01426},
 primaryClass = {astro-ph.SR},
       adsurl = {https://ui.adsabs.harvard.edu/abs/2019ApJS..243...10P},
      adsnote = {Provided by the SAO/NASA Astrophysics Data System}
}


@ARTICLE{2011ApJS..192....3P,
       author = {{Paxton}, Bill and {Bildsten}, Lars and {Dotter}, Aaron and {Herwig},
        Falk and {Lesaffre}, Pierre and {Timmes}, Frank},
        title = "{Modules for Experiments in Stellar Astrophysics (MESA)}",
      journal = {The Astrophysical Journal Supplement Series},
     keywords = {methods: numerical, stars: evolution, stars: general, Astrophysics -
        Solar and Stellar Astrophysics, Astrophysics - Instrumentation
        and Methods for Astrophysics},
         year = 2011,
        month = Jan,
       volume = {192},
          eid = {3},
        pages = {3},
          doi = {10.1088/0067-0049/192/1/3},
archivePrefix = {arXiv},
       eprint = {1009.1622},
 primaryClass = {astro-ph.SR},
       adsurl = {https://ui.adsabs.harvard.edu/#abs/2011ApJS..192....3P},
      adsnote = {Provided by the SAO/NASA Astrophysics Data System}
}

@ARTICLE{2013ApJS..208....4P,
       author = {{Paxton}, Bill and {Cantiello}, Matteo and {Arras}, Phil and {Bildsten},
        Lars and {Brown}, Edward F. and {Dotter}, Aaron and {Mankovich},
        Christopher and {Montgomery}, M.~H. and {Stello}, Dennis and
        {Timmes}, F.~X. and {Townsend}, Richard},
        title = "{Modules for Experiments in Stellar Astrophysics (MESA): Planets,
        Oscillations, Rotation, and Massive Stars}",
      journal = {The Astrophysical Journal Supplement Series},
     keywords = {asteroseismology, methods: numerical, planets and satellites: physical
        evolution, stars: evolution, stars: massive, stars: rotation,
        Astrophysics - Solar and Stellar Astrophysics, Astrophysics -
        Instrumentation and Methods for Astrophysics},
         year = 2013,
        month = Sep,
       volume = {208},
          eid = {4},
        pages = {4},
          doi = {10.1088/0067-0049/208/1/4},
archivePrefix = {arXiv},
       eprint = {1301.0319},
 primaryClass = {astro-ph.SR},
       adsurl = {https://ui.adsabs.harvard.edu/#abs/2013ApJS..208....4P},
      adsnote = {Provided by the SAO/NASA Astrophysics Data System}
}

@ARTICLE{2015ApJS..220...15P,
       author = {{Paxton}, Bill and {Marchant}, Pablo and {Schwab}, Josiah and {Bauer},
        Evan B. and {Bildsten}, Lars and {Cantiello}, Matteo and
        {Dessart}, Luc and {Farmer}, R. and {Hu}, H. and {Langer}, N.
        and {Townsend}, R.~H.~D. and {Townsley}, Dean M. and {Timmes},
        F.~X.},
        title = "{Modules for Experiments in Stellar Astrophysics (MESA): Binaries,
        Pulsations, and Explosions}",
      journal = {The Astrophysical Journal Supplement Series},
     keywords = {binaries: general, methods: numerical, nuclear reactions,
        nucleosynthesis, abundances, shock waves, stars: evolution,
        stars: oscillations, Astrophysics - Solar and Stellar
        Astrophysics},
         year = 2015,
        month = Sep,
       volume = {220},
          eid = {15},
        pages = {15},
          doi = {10.1088/0067-0049/220/1/15},
 primaryClass = {astro-ph.SR},
       adsurl = {https://ui.adsabs.harvard.edu/#abs/2015ApJS..220...15P},
      adsnote = {Provided by the SAO/NASA Astrophysics Data System}
}

@ARTICLE{1998SSRv...85..161G,
       author = {{Grevesse}, N. and {Sauval}, A.~J.},
        title = "{Standard Solar Composition}",
      journal = {\ssr},
     keywords = {Sun: abundances, Meteorites: abundances, Solar spectroscopy},
         year = 1998,
        month = May,
       volume = {85},
        pages = {161-174},
          doi = {10.1023/A:1005161325181},
       adsurl = {https://ui.adsabs.harvard.edu/#abs/1998SSRv...85..161G},
      adsnote = {Provided by the SAO/NASA Astrophysics Data System}
}

@ARTICLE{2009ARA&A..47..481A,
       author = {{Asplund}, Martin and {Grevesse}, Nicolas and {Sauval}, A. Jacques and
        {Scott}, Pat},
        title = "{The Chemical Composition of the Sun}",
      journal = {Annual Review of Astronomy and Astrophysics},
     keywords = {Astrophysics - Solar and Stellar Astrophysics, Astrophysics - Earth and
        Planetary Astrophysics},
         year = 2009,
        month = Sep,
       volume = {47},
        pages = {481-522},
          doi = {10.1146/annurev.astro.46.060407.145222},
archivePrefix = {arXiv},
       eprint = {0909.0948},
 primaryClass = {astro-ph.SR},
       adsurl = {https://ui.adsabs.harvard.edu/#abs/2009ARA&A..47..481A},
      adsnote = {Provided by the SAO/NASA Astrophysics Data System}
}

@ARTICLE{2002ApJ...576.1064R,
       author = {{Rogers}, F.~J. and {Nayfonov}, A.},
        title = "{Updated and Expanded OPAL Equation-of-State Tables: Implications for
        Helioseismology}",
      journal = {\apj},
     keywords = {Atomic Processes, Equation of State, Sun: Oscillations},
         year = 2002,
        month = Sep,
       volume = {576},
        pages = {1064-1074},
          doi = {10.1086/341894},
       adsurl = {https://ui.adsabs.harvard.edu/#abs/2002ApJ...576.1064R},
      adsnote = {Provided by the SAO/NASA Astrophysics Data System}
}

@ARTICLE{2005ApJ...623..585F,
       author = {{Ferguson}, Jason W. and {Alexander}, David R. and {Allard}, France and
        {Barman}, Travis and {Bodnarik}, Julia G. and {Hauschildt},
        Peter H. and {Heffner-Wong}, Amanda and {Tamanai}, Akemi},
        title = "{Low-Temperature Opacities}",
      journal = {\apj},
     keywords = {Atomic Data, Equation of State, Methods: Numerical, Molecular Data,
        Astrophysics},
         year = 2005,
        month = Apr,
       volume = {623},
        pages = {585-596},
          doi = {10.1086/428642},
archivePrefix = {arXiv},
       eprint = {astro-ph/0502045},
 primaryClass = {astro-ph},
       adsurl = {https://ui.adsabs.harvard.edu/#abs/2005ApJ...623..585F},
      adsnote = {Provided by the SAO/NASA Astrophysics Data System}
}

@ARTICLE{2000A&A...360..952H,
       author = {{Herwig}, F.},
        title = "{The evolution of AGB stars with convective overshoot}",
      journal = {\aap},
     keywords = {STARS: ABUNDANCES, STARS: INTERIORS, STARS: EVOLUTION, STARS: AGB AND POST-AGB, Astrophysics},
         year = "2000",
        month = "Aug",
       volume = {360},
        pages = {952-968},
archivePrefix = {arXiv},
       eprint = {astro-ph/0007139},
 primaryClass = {astro-ph},
       adsurl = {https://ui.adsabs.harvard.edu/\#abs/2000A&A...360..952H},
      adsnote = {Provided by the SAO/NASA Astrophysics Data System}
}


@ARTICLE{2018A&A...614A.128P,
       author = {{Pedersen}, M.~G. and {Aerts}, C. and {P{\'a}pics}, P.~I. and {Rogers},
        T.~M.},
        title = "{The shape of convective core overshooting from gravity-mode period
        spacings}",
      journal = {\aap},
     keywords = {asteroseismology, convection, diffusion, stars: interiors, stars:
        oscillations, stars: abundances, Astrophysics - Solar and
        Stellar Astrophysics},
         year = 2018,
        month = Jul,
       volume = {614},
          eid = {A128},
        pages = {A128},
          doi = {10.1051/0004-6361/201732317},
 primaryClass = {astro-ph.SR},
       adsurl = {https://ui.adsabs.harvard.edu/#abs/2018A&A...614A.128P},
      adsnote = {Provided by the SAO/NASA Astrophysics Data System}
}

@ARTICLE{2013MNRAS.435.3406T,
       author = {{Townsend}, R.~H.~D. and {Teitler}, S.~A.},
        title = "{GYRE: an open-source stellar oscillation code based on a new Magnus
        Multiple Shooting scheme}",
      journal = {\mnras},
     keywords = {methods: numerical, stars: evolution, stars: interiors, stars:
        oscillations, stars: variables: general, Astrophysics - Solar
        and Stellar Astrophysics},
         year = 2013,
        month = Nov,
       volume = {435},
        pages = {3406-3418},
          doi = {10.1093/mnras/stt1533},
archivePrefix = {arXiv},
       eprint = {1308.2965},
 primaryClass = {astro-ph.SR},
       adsurl = {https://ui.adsabs.harvard.edu/#abs/2013MNRAS.435.3406T},
      adsnote = {Provided by the SAO/NASA Astrophysics Data System}
}

@ARTICLE{2011ApJ...743..161W,
       author = {{White}, Timothy R. and {Bedding}, Timothy R. and {Stello}, Dennis and
         {Christensen-Dalsgaard}, J{\o}rgen and {Huber}, Daniel and
         {Kjeldsen}, Hans},
        title = "{Calculating Asteroseismic Diagrams for Solar-like Oscillations}",
      journal = {\apj},
     keywords = {stars: fundamental parameters, stars: interiors, stars: oscillations, Astrophysics - Solar and Stellar Astrophysics},
         year = 2011,
        month = dec,
       volume = {743},
       number = {2},
          eid = {161},
        pages = {161},
          doi = {10.1088/0004-637X/743/2/161},
archivePrefix = {arXiv},
       eprint = {1109.3455},
 primaryClass = {astro-ph.SR},
       adsurl = {https://ui.adsabs.harvard.edu/abs/2011ApJ...743..161W},
      adsnote = {Provided by the SAO/NASA Astrophysics Data System}
}

 

